<?xml version="1.0" encoding="UTF-8"?><record xmlns="http://www.loc.gov/MARC21/slim" xmlns:cinclude="http://apache.org/cocoon/include/1.0" xmlns:zs="http://www.loc.gov/zing/srw/">
  <leader>00548nz  a2200121n  4500</leader>
  <controlfield tag="001">n  98059949 </controlfield>
  <controlfield tag="003">DLC</controlfield>
  <controlfield tag="005">19980702111023.3</controlfield>
  <controlfield tag="008">980702n| acannaab|          |n ana |||  </controlfield>
  <datafield tag="010" ind1=" " ind2=" ">
    <subfield code="a">n  98059949 </subfield>
  </datafield>
  <datafield tag="040" ind1=" " ind2=" ">
    <subfield code="a">DLC</subfield>
    <subfield code="c">DLC</subfield>
  </datafield>
  <datafield tag="130" ind1=" " ind2="0">
    <subfield code="a">Epistula Fundamenti</subfield>
  </datafield>
  <datafield tag="670" ind1=" " ind2=" ">
    <subfield code="a">Die "Epistula Fundamenti" der nordafrikanischen ManichaĚer, 1987:</subfield>
    <subfield code="b">p. 7 (letter originally may have been written in Syrian or Greek, then translated into Latin; very fragmentary; its importance lies in that as a letter attributed to Mani, St. Augustine sought to disprove it in his writings)</subfield>
  </datafield>
</record>